@Manual{SymPy,
  title = {SymPy: Python library for symbolic mathematics},
  author = {{SymPy Development Team}},
  year = {2011},
  url = {http://www.sympy.org},
}

@Book{Kane1985,
  title = {Dynamics: Theory and Applications},
  publisher = {McGraw Hill},
  year = {1985},
  author = {Kane, Thomas R. and Levinson, David A.},
  address = {New York, NY},
  abstract = {This textbook is intended to provide a basis for instruction in dynamics. Its purpose is not only to equip students with the skills they need to deal effectively with present-day dynamics problems, but also to bring them into position to interact smoothly with those trained more conventionally.},
  isbn = {0070378460},
}

@Book{Kane1983,
        title = {Spacecraft Dynamics},
        author = {Kane, Thomas R. and Likins, Peter W. and Levinson, David A.},
        publisher = {McGraw Hill},
        year = {1983},
        isbn = {0070378436},
        abstract = {This book is an outgrowth of courses taught at Stanford University and at UCLA, and of the author's professional activities in the field of spacecraft dynamics. It is intended for use as a textbook in courses of instruction at the graduate level and as a reference work for engineers engaged in research, design, and development in this field.}
}
