@book{Kane1985,
author = {Kane, Thomas R and Levinson, David A},
editor = {Holman, Jack P.},
isbn = {978-0070378469},
pages = {379},
publisher = {McGraw-Hill, Inc},
title = {{Dynamics Theory and Applications}},
year = {1985}
}

@article{Kang2003,
author = {Kang, Ju Seok and Bae, Sangwoo and Lee, Jang Moo and Tak, Tae Oh},
doi = {10.1115/1.1541631},
file = {:home/luke/Documents/scientific\_papers/Kang et al/2003/Kang et al.\_2003\_Force Equilibrium Approach for Linearization of Constrained Mechanical System Dynamics.pdf:pdf},
issn = {10500472},
journal = {Journal of Mechanical Design},
number = {1},
pages = {143},
title = {{Force Equilibrium Approach for Linearization of Constrained Mechanical System Dynamics}},
url = {http://link.aip.org/link/JMDEDB/v125/i1/p143/s1\&Agg=doi},
volume = {125},
year = {2003}
}

@article{Negrut2006,
author = {Negrut, Dan and Ortiz, Jose L.},
doi = {10.1115/1.2198876},
issn = {15551423},
journal = {Journal of Computational and Nonlinear Dynamics},
number = {3},
pages = {230},
title = {{A Practical Approach for the Linearization of the Constrained Multibody Dynamics Equations}},
url = {http://link.aip.org/link/JCNDDM/v1/i3/p230/s1\&Agg=doi},
volume = {1},
year = {2006}
}
